@incollection{abraham2013,
  title={Extracting brain regions from rest {fMRI} with Total-Variation constrained dictionary learning},
  author={Abraham, Alexandre and Dohmatob, Elvis and Thirion, Bertrand and Samaras, Dimitris and Varoquaux, Gael},
  booktitle={MICCAI},
  year={2013},
}


@inproceedings{gramfort2013,
  title={Identifying predictive regions from {fMRI} with {TV-L1} prior},
  author={Gramfort, Alexandre and Thirion, Bertrand and Varoquaux, Ga{\"e}l},
  booktitle={PRNI},
  year={2013},
}

@incollection{eickenberg2015total,
  title={Total Variation meets Sparsity: statistical learning with segmenting penalties},
  author={Eickenberg, Michael and Dohmatob, Elvis and Thirion, Bertrand and Varoquaux, Ga{\"e}l},
  year={2015},
  booktitle={MICCAI}
}


@incollection{combettes2011proximal,
  title={Proximal splitting methods in signal processing},
  author={Combettes, Patrick L and Pesquet, Jean-Christophe},
  booktitle={Fixed-point algorithms for inverse problems in science and engineering},
  
  year={2011},
  publisher={Springer New York}
}


@article{kowalski2013social,
  title={Social Sparsity! Neighborhood Systems Enrich Structured Shrinkage Operators},
  author={Kowalski, Matthieu and Siedenburg, Kai and D{\"o}rfler, Monika},
  journal={Signal Processing, IEEE Transactions on},
  volume={61},
  number={10},
  
  year={2013},
  publisher={IEEE}
}
@article{mairal2010online,
  title={Online learning for matrix factorization and sparse coding},
  author={Mairal, Julien and Bach, Francis and Ponce, Jean and Sapiro, Guillermo},
  journal={Journal of Machine Learning Research (JMLR)},
  volume={11},
  
  year={2010}
}


@article{bickel2009simultaneous,
  title={Simultaneous analysis of Lasso and Dantzig selector},
  author={Bickel, Peter J and Ritov, Ya'acov and Tsybakov, Alexandre B},
  journal={The Annals of Statistics},
  
  year={2009},
  publisher={Institute of Mathematical Statistics}
}


@book{bertsekas1999nonlinear,
  title={Nonlinear programming},
  author={Bertsekas, Dimitri P},
  year={1999},
  publisher={Athena Scientific}
}


@inproceedings{dohmatob2016,
  title={Learning brain regions via large-scale online structured sparse dictionary-learning},
  author={Dohmatob, Elvis and Mensch, Arthur and Varoquaux, Ga{\"e}l and Bertrand, Thirion},
  year={2016},
  booktitle	= {NIPS},
}


@Article{	  beck09fista,
  author	= {A. Beck and M. Teboulle},title={{A Fast Iterative Shrinkage-Thresholding Algorithm for
		  Linear Inverse Problems}},
  volume	= {2},
  year		= {2009},
  journal	= {SIAM Journal on Imaging Sciences}
}

@Article{	  fercoq2015,title={{Accelerated, parallel and proximal coordinate descent}},
  author	= {Fercoq, Olivier and Richt{\'a}rik, Peter},
  journal	= {SIAM Journal on Optimization},
  volume	= {25},
  year		= {2015},
  publisher	= {SIAM}
}


@InProceedings{	  dohmatob2014benchmarking,title={{Benchmarking solvers for TV-l1 least-squares and logistic
		  regression in brain imaging}},
  author	= {Dohmatob, Elvis and Gramfort, Alexandre and Thirion,
		  Bertrand and Varoquaux, Ga{\.e}l},
  booktitle={{PRNI}},
  year		= {2014},
  organization	= {IEEE}
}


@Article{	  grosenick2013,title={{Interpretable whole-brain prediction analysis with
		  GraphNet}},
  author	= {Grosenick, Logan and Klingenberg, Brad and Katovich,
		  Kiefer and Knutson, Brian and Taylor, Jonathan E},
  journal	= {NeuroImage},
  volume	= {72},
  year		= {2013}
}


@Article{	  tavor2016task,title={{Task-free MRI predicts individual differences in brain
		  activity during task performance}},
  author	= {Tavor, I and Jones, O Parker and Mars, RB and Smith, SM
		  and Behrens, TE and Jbabdi, S},
  journal	= {Science},
  volume	= {352},
  number	= {6282},
  pages		= {216--220},
  year		= {2016},
  publisher	= {American Association for the Advancement of Science}
}


@InProceedings{   dohmatob2015speeding,title={{Speeding-up model-selection in GraphNet via early-stopping
                  and univariate feature-screening}},
  author        = {Dohmatob, Elvis and Eickenberg, Michael and Thirion,
                  Bertrand and Varoquaux, Ga{\"e}l},
  booktitle={{Pattern Recognition in NeuroImaging (PRNI), 2015
                  International Workshop on}},
  year          = {2015},
  organization  = {IEEE}
}


@InProceedings{   dohmatob2015local,title={{Local Q-Linear Convergence and Finite-time Active Set
                  Identification of ADMM on a Class of Penalized Regression
                  Problems}},
  author        = {Dohmatob, Elvis and Eickenberg, Michael and Thirion,
                  Bertrand and Varoquaux, Gael},
  booktitle={{ICASSP 2016}},
  year          = {2015}
}