@inproceedings{varoquaux2011multi,
  title={Multi-subject dictionary learning to segment an atlas of brain spontaneous activity},
  author={Varoquaux, Ga{\"e}l and Gramfort, Alexandre and Pedregosa, Fabian and Michel, Vincent and Thirion, Bertrand},
  booktitle={Biennial International Conference on Information Processing in Medical Imaging},
  year={2011},
  organization={Springer Berlin Heidelberg}
}

@article{tavor2016task,
  title={Task-free MRI predicts individual differences in brain activity during task performance},
  author={Tavor, I and Jones, O Parker and Mars, RB and Smith, SM and Behrens, TE and Jbabdi, S},
  journal={Science},
  volume={352},
  year={2016},
  publisher={American Association for the Advancement of Science}
}

@inproceedings{abraham2013,
  TITLE = {{Extracting brain regions from rest fMRI with Total-Variation constrained dictionary learning}},
  AUTHOR = {Abraham, Alexandre and Dohmatob, Elvis and Thirion, Bertrand and Samaras, Dimitris and Varoquaux, Ga{\"e}l},
  BOOKTITLE = {{MICCAI - 16th International Conference on Medical Image Computing and Computer Assisted Intervention - 2013}},
  PUBLISHER = {{Springer}},
  YEAR = {2013},
}

@article{smith2014group,
  title={Group-PCA for very large fMRI datasets},
  author={Smith, Stephen M and Hyv{\"a}rinen, Aapo and Varoquaux, Ga{\"e}l and Miller, Karla L and Beckmann, Christian F},
  journal={NeuroImage},
  pages={738--749},
  year={2014},
  publisher={Academic Press}
}

@inproceedings{thirion2014principal,
  TITLE = {{Principal Component Regression predicts functional responses across individuals}},
  AUTHOR = {Thirion, Bertrand and Varoquaux, Ga{\"e}l and Grisel, Olivier and Poupon, Cyril and Pinel, Philippe},
  BOOKTITLE = {{MICCAI}},
  ADDRESS = {Boston, United States},
  PUBLISHER = {{Springer}},
  YEAR = {2014},
}

@article{VanEssen20122222,
title = "The Human Connectome Project: A data acquisition perspective ",
journal = "NeuroImage ",
volume = "62",
number = "4",

year = "2012",
author = "D.C. {van Essen} and others",
}

@Article{         mairal2010,
  author        = {Mairal, J. and Bach, F. and Ponce, J. and Sapiro, G.},
  title         = {Online learning for matrix factorization and sparse
                  coding},
  journal       = {Journal of Machine Learning Research},
  year          = {2010},
  volume        = {11},
  
}


@inproceedings{mensch2016dictionary,
  title={Dictionary Learning for Massive Matrix Factorization},
  author={Mensch, Arthur and Mairal, Julien and Thirion, Bertrand and Varoquaux, Ga{\"e}l},
    booktitle={ICML},
  organization={ACM},
  year={2016}
}

@Article{saygin2011,
   Author="Saygin, Z. M.  and Osher, D. E.  and Koldewyn, K.  and Reynolds, G.  and Gabrieli, J. D.  and Saxe, R. R. ",
   Title="{{A}natomical connectivity patterns predict face selectivity in the fusiform gyrus}",
   Journal="Nat. Neurosci.",
   Year="2011",
   Volume="15",
}

@article{varoquaux2010group,
  title={A group model for stable multi-subject ICA on fMRI datasets},
  author={Varoquaux, Ga{\"e}l and Sadaghiani, Sepideh and Pinel, Philippe and Kleinschmidt, Andreas and Poline, Jean-Baptiste and Thirion, Bertrand},
  journal={Neuroimage},
  volume={51},
  
  year={2010},
  publisher={Academic Press}
}

@article{friston1994statistical,
  title={Statistical parametric maps in functional imaging: a general linear approach},
  author={Friston, Karl J and Holmes, Andrew P and Worsley, Keith J and Poline, J-P and Frith, Chris D and Frackowiak, Richard SJ},
  journal={Human brain mapping},
  volume={2},
  number={4},
  pages={189--210},
  year={1994},
  publisher={Wiley Online Library}
}

@Article{cole2016,
author={Cole, Michael W.
and Ito, Takuya
and Bassett, Danielle S.
and Schultz, Douglas H.},
title={Activity flow over resting-state networks shapes cognitive task activations},
journal={Nat Neurosci},
year={2016},
month={Dec},
publisher={Nature Publishing Group, a division of Macmillan Publishers Limited. All Rights Reserved.},
volume={19},
}

@inproceedings{eckart2000,
  title={The Approximation of One Matrix by Another of Lower Rank},
  author={Carl, Eckart and Gale, Young},
  year={2000}
}


@Article{haxby2011,
   Author="Haxby, J. V.  and Guntupalli, J. S.  and Connolly, A. C.  and Halchenko, Y. O.  and Conroy, B. R.  and Gobbini, M. I.  and Hanke, M.  and Ramadge, P. J. ",
   Title="{{A} common, high-dimensional model of the representational space in human ventral temporal cortex}",
   Journal="Neuron",
   Year="2011",
   Volume="72",
   Number="2",
   Pages="404--416",
   Month="Oct"
}


@Article{bzdok2016,
author={Bzdok, Danilo
and Varoquaux, Ga{\"e}l
and Grisel, Olivier
and Eickenberg, Michael
and Poupon, Cyril
and Thirion, Bertrand},
title={Formal Models of the Network Co-occurrence Underlying Mental Operations},
journal={PLoS Comput Biol},
year={2016},
volume={12},
}

@incollection{wold66,
    address = {New York},
    author = {Wold, Herman},
    booktitle = {Multivariate Analysis.},
    pages = {391--420},
    publisher = {Academic Press},
    title = {Estimation of Principal Components and Related Models by Iterative Least squares},
    year = {1966}
}


@article{mukherjee2015degrees,
  title={On the degrees of freedom of reduced-rank estimators in multivariate regression},
  author={Mukherjee, Ashin and Chen, Kun and Wang, Naisyin and Zhu, Ji},
  journal={Biometrika},
  year={2015},
  publisher={Oxford Journals}
}

@article{gcv,
 journal = {Technometrics},
 pages = {215-223},
 title = {Generalized Cross-Validation as a Method for Choosing a Good Ridge Parameter},
 volume = {21},
 year = {1979}
}
