@article{VanEssen20122222,
title = "The Human Connectome Project: A data acquisition perspective ",
journal = "NeuroImage ",
volume = "62",
number = "4",
pages = "2222--2231",
year = "2012",
author = "D.C. Van Essen and others",
}
@article{avants2009advanced,
  title={Advanced normalization tools (ANTS)},
  author={Avants, Brian B and Tustison, Nick and Song, Gang},
  journal={Insight J},
  pages={1--35},
  year={2009}
}

@Article{smith2004,
   Author="Smith, S. M.  and Jenkinson, M.  and Woolrich, M. W.  and Beckmann, C. F.  and Behrens, T. E.  and Johansen-Berg, H.  and Bannister, P. R.  and De Luca, M.  and Drobnjak, I.  and Flitney, D. E.  and Niazy, R. K.  and Saunders, J.  and Vickers, J.  and Zhang, Y.  and De Stefano, N.  and Brady, J. M.  and Matthews, P. M. ",
   Title="{{A}dvances in functional and structural {M}{R} image analysis and implementation as {F}{S}{L}}",
   Journal="Neuroimage",
   Year="2004",
   Volume="23 Suppl 1",
   Pages="S208--219"
}

% 17659998 
@Article{avants2008,
   Author="Avants, B. B.  and Epstein, C. L.  and Grossman, M.  and Gee, J. C. ",
   Title="{{S}ymmetric diffeomorphic image registration with cross-correlation: evaluating automated labeling of elderly and neurodegenerative brain}",
   Journal="Med Image Anal",
   Year="2008",
   Volume="12",
   Number="1",
   Pages="26--41",
   Month="Feb"
}

@Article{avants2011,
   Author="Avants, B. B.  and Tustison, N. J.  and Song, G.  and Cook, P. A.  and Klein, A.  and Gee, J. C. ",
   Title="{{A} reproducible evaluation of {A}{N}{T}s similarity metric performance in brain image registration}",
   Journal="Neuroimage",
   Year="2011",
   Volume="54",
   Number="3",
   Pages="2033--2044",
   Month="Feb"
}

@Article{glasser2013,
   Author="Glasser, M. F.  and Sotiropoulos, S. N.  and Wilson, J. A.  and Coalson, T. S.  and Fischl, B.  and Andersson, J. L.  and Xu, J.  and Jbabdi, S.  and Webster, M.  and Polimeni, J. R.  and Van Essen, D. C.  and Jenkinson, M. ",
   Title="{{T}he minimal preprocessing pipelines for the {H}uman {C}onnectome {P}roject}",
   Journal="Neuroimage",
   Year="2013",
   Volume="80",
   Pages="105--124",
   Month="Oct"
}

@Article{pluim2003,
   Author="Pluim, J. P.  and Maintz, J. B.  and Viergever, M. A. ",
   Title="{{M}utual-information-based registration of medical images: a survey}",
   Journal="IEEE Trans Med Imaging",
   Year="2003",
   Volume="22",
   Number="8",
   Pages="986--1004",
   Month="Aug"
}

@Article{mattes2003,
   Author="Mattes, D.  and Haynor, D. R.  and Vesselle, H.  and Lewellen, T. K.  and Eubank, W. ",
   Title="{{P}{E}{T}-{C}{T} image registration in the chest using free-form deformations}",
   Journal="IEEE Trans Med Imaging",
   Year="2003",
   Volume="22",
   Number="1",
   Pages="120--128",
   Month="Jan"
}

@Article{zeng2002,
   Author="Zeng, H.  and Constable, R. T. ",
   Title="{{I}mage distortion correction in {E}{P}{I}: comparison of field mapping with point spread function mapping}",
   Journal="Magn Reson Med",
   Year="2002",
   Volume="48",
   Number="1",
   Pages="137--146",
   Month="Jul"
}

% 14568458 
@Article{anderson2003,
   Author="Andersson, J. L.  and Skare, S.  and Ashburner, J. ",
   Title="{{H}ow to correct susceptibility distortions in spin-echo echo-planar images: application to diffusion tensor imaging}",
   Journal="Neuroimage",
   Year="2003",
   Volume="20",
   Number="2",
   Pages="870--888",
   Month="Oct"
}

@Article{grabner2014,
   Author="Grabner, G.  and Poser, B. A.  and Fujimoto, K.  and Polimeni, J. R.  and Wald, L. L.  and Trattnig, S.  and Toni, I.  and Barth, M. ",
   Title="{{A} study-specific f{M}{R}{I} normalization approach that operates directly on high resolution functional {E}{P}{I} data at 7 {T}esla}",
   Journal="Neuroimage",
   Year="2014",
   Volume="100",
   Pages="710--714",
   Month="Oct"
}

@article{friston1994statistical,
  title={Statistical parametric maps in functional imaging: a general linear approach},
  author={Friston, Karl J and Holmes, Andrew P and Worsley, Keith J and Poline, J-P and Frith, Chris D and Frackowiak, Richard SJ},
  journal={Human brain mapping},
  volume={2},
  number={4},
  pages={189--210},
  year={1994},
  publisher={Wiley Online Library}
}

@article { Gorgolewski2011,
    title            = "Nipype: a flexible, lightweight and extensible neuroimaging data processing framework in python.",
    year             = "2011",
    author           = "Krzysztof Gorgolewski and Christopher D Burns and Cindee Madison and Dav Clark and Yaroslav O Halchenko and Michael L Waskom and Satrajit S Ghosh",
    journal          = "Front Neuroinform",
    volume           = "5",
    month            = "08",
    issn             = "1662-5196"
}
@article{feinberg2010multiplexed,
  title={Multiplexed echo planar imaging for sub-second whole brain FMRI and fast diffusion imaging},
  author={Feinberg, David A and Moeller, Steen and Smith, Stephen M and Auerbach, Edward and Ramanna, Sudhir and Gunther, Matthias and Glasser, Matt F and Miller, Karla L and Ugurbil, Kamil and Yacoub, Essa},
  journal={PloS one},
  volume={5},
  number={12},
  pages={e15710},
  year={2010},
  publisher={Public Library of Science}
}
@article{abraham2014machine,
  title={Machine learning for neuroimaging with scikit-learn},
  author={Abraham, Alexandre and Pedregosa, Fabian and Eickenberg, Michael and Gervais, Philippe and Mueller, Andreas and Kossaifi, Jean and Gramfort, Alexandre and Thirion, Bertrand and Varoquaux, Ga{\"e}l},
  journal={Frontiers in neuroinformatics},
  volume={8},
  year={2014},
  publisher={Frontiers Media SA}
}
@article{varoquaux2010group,
  title={A group model for stable multi-subject ICA on fMRI datasets},
  author={Varoquaux, Ga{\"e}l and Sadaghiani, Sepideh and Pinel, Philippe and Kleinschmidt, Andreas and Poline, Jean-Baptiste and Thirion, Bertrand},
  journal={Neuroimage},
  volume={51},
  number={1},
  pages={288--299},
  year={2010},
  publisher={Academic Press}
}
@inproceedings{varoquaux2010ica,
  title={ICA-based sparse features recovery from fMRI datasets},
  author={Varoquaux, Ga{\"e}l and Keller, Merlin and Poline, Jean-Baptiste and Ciuciu, Philippe and Thirion, Bertrand},
  booktitle={Biomedical Imaging: From Nano to Macro, 2010 IEEE International Symposium on},
  pages={1177--1180},
  year={2010},
  organization={IEEE}
}
@article{greve2009accurate,
  title={Accurate and robust brain image alignment using boundary-based registration},
  author={Greve, Douglas N and Fischl, Bruce},
  journal={Neuroimage},
  volume={48},
  number={1},
  pages={63--72},
  year={2009},
  publisher={Elsevier}
}

@Article{pmid19195496,
   Author="Klein, A.  and Andersson, J.  and Ardekani, B. A.  and Ashburner, J.  and Avants, B.  and Chiang, M. C.  and Christensen, G. E.  and Collins, D. L.  and Gee, J.  and Hellier, P.  and Song, J. H.  and Jenkinson, M.  and Lepage, C.  and Rueckert, D.  and Thompson, P.  and Vercauteren, T.  and Woods, R. P.  and Mann, J. J.  and Parsey, R. V. ",
   Title="{{E}valuation of 14 nonlinear deformation algorithms applied to human brain {M}{R}{I} registration}",
   Journal="Neuroimage",
   Year="2009",
   Volume="46",
   Number="3",
   Pages="786--802",
   Month="Jul"
}


@Article{raichle2001,
  author        = {Raichle, M.E. and MacLeod, A.M. and Snyder, A.Z. and
                  Powers, W.J. and Gusnard, D.A. and Shulman, G.L.},
  title         = {{A default mode of brain function}},
  journal       = {Proceedings of the National Academy of Sciences},
  year          = {2001},
  volume        = {98},
  pages         = {676},
}
@Article{Watanabe2013,
author="Watanabe, Takamitsu
and Hirose, Satoshi
and Wada, Hiroyuki
and Imai, Yoshio
and Machida, Toru
and Shirouzu, Ichiro
and Konishi, Seiki
and Miyashita, Yasushi
and Masuda, Naoki",
title="A pairwise maximum entropy model accurately describes resting-state human brain networks",
journal="Nat Commun",
year="2013",
month="Jan",
day="22",
publisher="Nature Publishing Group, a division of Macmillan Publishers Limited. All Rights Reserved.",
volume="4",
pages="1370",
}

@Article{pmid12270226,
   Author="Mangin, J. F.  and Poupon, C.  and Clark, C.  and Le Bihan, D.  and Bloch, I. ",
   Title="{{D}istortion correction and robust tensor estimation for {M}{R} diffusion imaging}",
   Journal="Med Image Anal",
   Year="2002",
   Volume="6",
   Number="3",
   Pages="191--198",
   Month="Sep"
}

@Article{pmid9178246,
   Author="Wan, X.  and Gullberg, G. T.  and Parker, D. L.  and Zeng, G. L. ",
   Title="{{R}eduction of geometric and intensity distortions in echo-planar imaging using a multireference scan}",
   Journal="Magn Reson Med",
   Year="1997",
   Volume="37",
   Number="6",
   Pages="932--942",
   Month="Jun"
}

@Article{pmid25405472,
   Author="Yamada, H.  and Abe, O.  and Shizukuishi, T.  and Kikuta, J.  and Shinozaki, T.  and Dezawa, K.  and Nagano, A.  and Matsuda, M.  and Haradome, H.  and Imamura, Y. ",
   Title="{{E}fficacy of distortion correction on diffusion imaging: comparison of {F}{S}{L} eddy and eddy\_correct using 30 and 60 directions diffusion encoding}",
   Journal="PLoS ONE",
   Year="2014",
   Volume="9",
   Number="11",
   Pages="e112411"
}


@article{thirion2007analysis,
  title={Analysis of a large fMRI cohort: Statistical and methodological issues for group analyses},
  author={Thirion, Bertrand and Pinel, Philippe and M{\'e}riaux, S{\'e}bastien and Roche, Alexis and Dehaene, Stanislas and Poline, Jean-Baptiste},
  journal={Neuroimage},
  volume={35},
  number={1},
  pages={105--120},
  year={2007},
  publisher={Elsevier}
}

@Article{pmid22425669,
   Author="Thyreau, B.  and Schwartz, Y.  and Thirion, B.  and Frouin, V.  and Loth, E.  and Vollstadt-Klein, S.  and Paus, T.  and Artiges, E.  and Conrod, P. J.  and Schumann, G.  and Whelan, R.  and Poline, J. B. ",
   Title="{{V}ery large f{M}{R}{I} study using the {I}{M}{A}{G}{E}{N} database: sensitivity-specificity and population effect modeling in relation to the underlying anatomy}",
   Journal="Neuroimage",
   Year="2012",
   Volume="61",
   Number="1",
   Pages="295--303",
   Month="May"
}

@Article{pmid24936682,
   Author="Amunts, K.  and Hawrylycz, M. J.  and Van Essen, D. C.  and Van Horn, J. D.  and Harel, N.  and Poline, J. B.  and De Martino, F.  and Bjaalie, J. G.  and Dehaene-Lambertz, G.  and Dehaene, S.  and Valdes-Sosa, P.  and Thirion, B.  and Zilles, K.  and Hill, S. L.  and Abrams, M. B.  and Tass, P. A.  and Vanduffel, W.  and Evans, A. C.  and Eickhoff, S. B. ",
   Title="{{I}nteroperable atlases of the human brain}",
   Journal="Neuroimage",
   Year="2014",
   Volume="99",
   Pages="525--532",
   Month="Oct"
}

@Article{pmid8126267,
   Author="Collins, D. L.  and Neelin, P.  and Peters, T. M.  and Evans, A. C. ",
   Title="{{A}utomatic 3{D} intersubject registration of {M}{R} volumetric data in standardized {T}alairach space}",
   Journal="J Comput Assist Tomogr",
   Year="1994",
   Volume="18",
   Number="2",
   Pages="192--205"
}

@Article{pmid9343592,
   Author="Mazziotta, J. C.  and Toga, A. W.  and Evans, A.  and Fox, P.  and Lancaster, J. ",
   Title="{{A} probabilistic atlas of the human brain: theory and rationale for its development. {T}he {I}nternational {C}onsortium for {B}rain {M}apping ({I}{C}{B}{M})}",
   Journal="Neuroimage",
   Year="1995",
   Volume="2",
   Number="2",
   Pages="89--101",
   Month="Jun"
}

@Article{pmid17354756,
   Author="Grabner, G.  and Janke, A. L.  and Budge, M. M.  and Smith, D.  and Pruessner, J.  and Collins, D. L. ",
   Title="{{S}ymmetric atlasing and model based segmentation: an application to the hippocampus in older adults}",
   Journal="Med Image Comput Comput Assist Interv",
   Year="2006",
   Volume="9",
   Number="Pt 2",
   Pages="58--66"
}

@Article{pmid12071618,
   Author="Freire, L.  and Roche, A.  and Mangin, J. F. ",
   Title="{{W}hat is the best similarity measure for motion correction in f{M}{R}{I} time series?}",
   Journal="IEEE Trans Med Imaging",
   Year="2002",
   Volume="21",
   Number="5",
   Pages="470--484",
   Month="May"
}

@article{Poldrack059188,
	author = {Poldrack, Russell and Baker, Chris I and Durnez, Joke and Gorgolewski, Krzysztof and Matthews, Paul M and Munafo, Marcus and Nichols, Thomas and Poline, Jean-Baptiste and Vul, Edward and Yarkoni, Tal},
	title = {Scanning the Horizon: Future challenges for neuroimaging research},
	year = {2016},
	publisher = {Cold Spring Harbor Labs Journals},
	journal = {bioRxiv}
}

﻿@article {FristonBook,
author = {Friston, Karl. J. and Ashburner, J. and Frith, C. D. and Poline, J.-B. and Heather, J. D. and Frackowiak, R. S. J.},
title = {Spatial registration and normalization of images},
journal = {Human Brain Mapping},
volume = {3},
number = {3},
publisher = {Wiley Subscription Services, Inc., A Wiley Company},
issn = {1097-0193},
url = {http://dx.doi.org/10.1002/hbm.460030303},
doi = {10.1002/hbm.460030303},
pages = {165--189},
keywords = {realignment, registration, anatomy, imaging, stereotaxy, morphometrics, basis functions, spatial normalization, PET, MRI, functional mapping},
year = {1995},
}

@Article{pmid18985131,
   Author="Wager, T. D.  and Lindquist, M.  and Kaplan, L. ",
   Title="{{M}eta-analysis of functional neuroimaging data: current and future directions}",
   Journal="Soc Cogn Affect Neurosci",
   Year="2007",
   Volume="2",
   Number="2",
   Pages="150--158",
   Month="Jun"
}

@Article{pmid25914639,
   Author="Gorgolewski, K. J.  and Varoquaux, G.  and Rivera, G.  and Schwarz, Y.  and Ghosh, S. S.  and Maumet, C.  and Sochat, V. V.  and Nichols, T. E.  and Poldrack, R. A.  and Poline, J. B.  and Yarkoni, T.  and Margulies, D. S. ",
   Title="{{N}euro{V}ault.org: a web-based repository for collecting and sharing unthresholded statistical maps of the human brain}",
   Journal="Front Neuroinform",
   Year="2015",
   Volume="9",
   Pages="8"
}

@Article{Miller2016,
author={Miller, Karla L.
and Alfaro-Almagro, Fidel
and Bangerter, Neal K.
and Thomas, David L.
and Yacoub, Essa
and Xu, Junqian
and Bartsch, Andreas J.
and Jbabdi, Saad
and Sotiropoulos, Stamatios N.
and Andersson, Jesper L. R.
and Griffanti, Ludovica
and Douaud, Gwenaelle
and Okell, Thomas W.
and Weale, Peter
and Dragonu, Iulius
and Garratt, Steve
and Hudson, Sarah
and Collins, Rory
and Jenkinson, Mark
and Matthews, Paul M.
and Smith, Stephen M.},
title={Multimodal population brain imaging in the UK Biobank prospective epidemiological study},
journal={Nat Neurosci},
year={2016},
month={Nov},
publisher={Nature Publishing Group, a division of Macmillan Publishers Limited. All Rights Reserved.},
volume={19},
number={11},
pages={1523--1536},
}

@article{tavor2016task,
  title={Task-free MRI predicts individual differences in brain activity during task performance},
  author={Tavor, I and Jones, O Parker and Mars, RB and Smith, SM and Behrens, TE and Jbabdi, S},
  journal={Science},
  volume={352},
  number={6282},
  pages={216--220},
  year={2016},
  publisher={American Association for the Advancement of Science}
}

@Article{Filippini2009,
author={Filippini, Nicola
and MacIntosh, Bradley J.
and Hough, Morgan G.
and Goodwin, Guy M.
and Frisoni, Giovanni B.
and Smith, Stephen M.
and Matthews, Paul M.
and Beckmann, Christian F.
and Mackay, Clare E.},
title={Distinct patterns of brain activity in young carriers of the APOE-{\^I}?4 allele},
journal={Proc Natl Acad Sci U S A},
year={2009},
month={Apr},
day={28},
publisher={National Academy of Sciences},
volume={106},
number={17},
pages={7209--7214},
doi={10.1073/pnas.0811879106},
}


@article{chang1992technique,
  title={A technique for accurate magnetic resonance imaging in the presence of field inhomogeneities},
  author={Chang, Hsuan and Fitzpatrick, J Michael},
  journal={IEEE transactions on medical imaging},
  volume={11},
  number={3},
  pages={319--329},
  year={1992},
  publisher={IEEE}
}

@article{jones2010twenty,
  title={Twenty-five pitfalls in the analysis of diffusion MRI data},
  author={Jones, Derek K and Cercignani, Mara},
  journal={NMR in Biomedicine},
  volume={23},
  number={7},
  pages={803--820},
  year={2010},
  publisher={Wiley Online Library}
}

@ARTICLE{wang2017,  
AUTHOR={Wang, Sijia and Peterson, Daniel J. and Gatenby, J. C. and Li, Wenbin and Grabowski, Thomas J. and Madhyastha, Tara M.},   
         
TITLE={Evaluation of Field Map and Nonlinear Registration Methods for Correction of Susceptibility Artifacts in Diffusion MRI},      
        
JOURNAL={Frontiers in Neuroinformatics},      
        
VOLUME={11},      
PAGES={17},     
YEAR={2017},      
}


@article{maes1997multimodality,
  title={Multimodality image registration by maximization of mutual information},
  author={Maes, Frederik and Collignon, Andre and Vandermeulen, Dirk and Marchal, Guy and Suetens, Paul},
  journal={IEEE transactions on medical imaging},
  volume={16},
  number={2},
  pages={187--198},
  year={1997},
 }

@article{jezzard1995correction,
  title={Correction for geometric distortion in echo planar images from B0 field variations},
  author={Jezzard, Peter and Balaban, Robert S},
  journal={Magnetic resonance in medicine},
  volume={34},
  number={1},
  pages={65--73},
  year={1995},
 }

@article{wan1997reduction,
  title={Reduction of geometric and intensity distortions in echo-planar imaging using a multireference scan},
  author={Wan, Xin and Gullberg, Grant T and Parker, Dennis L and Zeng, Gengsheng L},
  journal={Magnetic Resonance in Medicine},
  volume={37},
  number={6},
  pages={932--942},
  year={1997},
}

@inproceedings{dohmatob2016,
  title={Learning brain regions via large-scale online structured sparse dictionary-learning},
  author={Dohmatob, Elvis and Mensch, Arthur and Varoquaux, Ga{\"e}l and Bertrand, Thirion},
  year={2016},
  booktitle	= {NIPS},
}

